<record xmlns="http://www.loc.gov/MARC21/slim" xmlns:xsi="http://www.w3.org/2001/XMLSchema-instance" xsi:schemaLocation="http://www.loc.gov/MARC21/slim http://www.loc.gov/standards/marcxml/schema/MARC21slim.xsd"><leader>00247cz   2200109n  4500</leader><controlfield tag="001">oca00292150 </controlfield><controlfield tag="005">19971217083104.1</controlfield><controlfield tag="008">800617n| acannaab|          |a aaa |||  </controlfield><datafield ind1=" " ind2=" " tag="010"><subfield code="a">n  79059103 </subfield></datafield><datafield ind1=" " ind2=" " tag="040"><subfield code="a">DLC</subfield><subfield code="c">DLC</subfield><subfield code="d">DLC</subfield></datafield><datafield ind1="0" ind2=" " tag="100"><subfield code="a">Polystratus</subfield></datafield><datafield ind1="0" ind2=" " tag="400"><subfield code="a">Polistrato</subfield></datafield></record>